
@misc{empirica,
	title = {Empirically indistinguishable multidimensional IRT and locally dependent unidimensional item response models - Ip - 2010 - British Journal of Mathematical and Statistical Psychology - Wiley Online Library},
	url = {https://bpspsychub.onlinelibrary.wiley.com/doi/full/10.1348/000711009X466835?casa_token=B5UKCY_vDA8AAAAA%3AsGBtxQcbbe4hIFjBrTfaXwK_dKn-KxxLBW9nu3MyZfwsseLyBd-AokRoKRYRI-qzRIMae9oKkpBTLFs}
}

@article{ip2010,
	title = {Empirically indistinguishable multidimensional IRT and locally dependent unidimensional item response models},
	author = {Ip, Edward Haksing},
	year = {2010},
	date = {2010},
	journal = {British Journal of Mathematical and Statistical Psychology},
	pages = {395--416},
	volume = {63},
	number = {2},
	doi = {10.1348/000711009X466835},
	url = {https://onlinelibrary.wiley.com/doi/abs/10.1348/000711009X466835},
	note = {{\_}eprint: https://onlinelibrary.wiley.com/doi/pdf/10.1348/000711009X466835},
	langid = {en}
}
